<?xml version="1.0" encoding="UTF-8"?>
<record xmlns="http://www.loc.gov/MARC21/slim" xmlns:zs="http://docs.oasis-open.org/ns/search-ws/sruResponse">
 <leader>
  10064cpcaa22013697a 4500
 </leader>
 <controlfield tag="001">
  15331998
 </controlfield>
 <controlfield tag="005">
  20200213084542.0
 </controlfield>
 <controlfield tag="008">
  080616k19321955dcu                 eng
 </controlfield>
 <datafield ind1=" " ind2=" " tag="906">
  <subfield code="a">
   7
  </subfield>
  <subfield code="b">
   cbc
  </subfield>
  <subfield code="c">
   orignew
  </subfield>
  <subfield code="d">
   u
  </subfield>
  <subfield code="e">
   ncip
  </subfield>
  <subfield code="f">
   20
  </subfield>
  <subfield code="g">
   y-folklife
  </subfield>
 </datafield>
 <datafield ind1=" " ind2=" " tag="955">
  <subfield code="a">
   mkru 2008-06-16; cker 2010-08-16; cker 2012-01-24
  </subfield>
  <subfield code="a">
   mkru 2012-11-27
  </subfield>
  <subfield code="a">
   mkru 2013-03-22
  </subfield>
  <subfield code="a">
   mkru 2013-06-05
  </subfield>
  <subfield code="a">
   mseg 2014-07-29
  </subfield>
  <subfield code="a">
   mkru 2015-11-17
  </subfield>
  <subfield code="a">
   mseg 2020-02-13
  </subfield>
 </datafield>
 <datafield ind1=" " ind2=" " tag="010">
  <subfield code="a">
   2008700340
  </subfield>
 </datafield>
 <datafield ind1=" " ind2=" " tag="040">
  <subfield code="a">
   DLC
  </subfield>
  <subfield code="c">
   DLC
  </subfield>
  <subfield code="e">
   dacs
  </subfield>
  <subfield code="d">
   DLC
  </subfield>
 </datafield>
 <datafield ind1="0" ind2=" " tag="041">
  <subfield code="a">
   eng
  </subfield>
  <subfield code="d">
   eng
  </subfield>
  <subfield code="d">
   fre
  </subfield>
 </datafield>
 <datafield ind1=" " ind2=" " tag="043">
  <subfield code="a">
   n-usn--
  </subfield>
  <subfield code="a">
   n-us---
  </subfield>
  <subfield code="a">
   n-us-ma
  </subfield>
 </datafield>
 <datafield ind1=" " ind2=" " tag="090">
  <subfield code="a">
   RLA 00459-00469 (cylinders); RWF 0501-0575 (preservation tapes)
  </subfield>
 </datafield>
 <datafield ind1=" " ind2=" " tag="090">
  <subfield code="a">
   LWO 2052 (for AFS 6046-6076); LWO 4872 reel 387 (for AFS 6050A-6076A); RWA 4837-4839 (preservation tapes for cylinders)
  </subfield>
 </datafield>
 <datafield ind1=" " ind2=" " tag="090">
  <subfield code="a">
   AFS 6046-6076 (discs)
  </subfield>
 </datafield>
 <datafield ind1=" " ind2=" " tag="090">
  <subfield code="a">
   AFS 21172-21174 (preservation tapes for cylinders)
  </subfield>
 </datafield>
 <datafield ind1=" " ind2=" " tag="090">
  <subfield code="a">
   AFC 1942/002
  </subfield>
 </datafield>
 <datafield ind1="0" ind2="0" tag="245">
  <subfield code="a">
   Eloise Hubbard Linscott collection,
  </subfield>
  <subfield code="f">
   circa 1815, 1929-2002
  </subfield>
  <subfield code="g">
   (bulk 1932-1955).
  </subfield>
 </datafield>
 <datafield ind1=" " ind2=" " tag="300">
  <subfield code="a">
   34
  </subfield>
  <subfield code="f">
   boxes (18 linear feet)
  </subfield>
 </datafield>
 <datafield ind1=" " ind2=" " tag="300">
  <subfield code="3">
   manuscripts
  </subfield>
  <subfield code="a">
   198 folders.
  </subfield>
 </datafield>
 <datafield ind1=" " ind2=" " tag="300">
  <subfield code="a">
   11 sound cylinders :
  </subfield>
  <subfield code="b">
   analog.
  </subfield>
 </datafield>
 <datafield ind1=" " ind2=" " tag="300">
  <subfield code="a">
   441 sound discs :
  </subfield>
  <subfield code="b">
   analog ;
  </subfield>
  <subfield code="c">
   various sizes.
  </subfield>
 </datafield>
 <datafield ind1=" " ind2=" " tag="300">
  <subfield code="a">
   32 sound tape reels :
  </subfield>
  <subfield code="b">
   analog ;
  </subfield>
  <subfield code="c">
   various sizes.
  </subfield>
 </datafield>
 <datafield ind1=" " ind2=" " tag="300">
  <subfield code="a">
   1 sound cassette :
  </subfield>
  <subfield code="b">
   analog.
  </subfield>
 </datafield>
 <datafield ind1=" " ind2=" " tag="300">
  <subfield code="a">
   circa 200 photographs :
  </subfield>
  <subfield code="b">
   photographic prints, negatives ;
  </subfield>
  <subfield code="c">
   various sizes.
  </subfield>
 </datafield>
 <datafield ind1=" " ind2=" " tag="300">
  <subfield code="a">
   12 drawings.
  </subfield>
 </datafield>
 <datafield ind1=" " ind2=" " tag="351">
  <subfield code="a">
   Organized by format into the following series: I. Manuscripts, II. Sound Recordings, III. Graphic Materials, IV. Electronic Media.
  </subfield>
 </datafield>
 <datafield ind1=" " ind2=" " tag="500">
  <subfield code="a">
   Some sound discs in this collection are in bad condition, broken, or are poor quality recordings.
  </subfield>
 </datafield>
 <datafield ind1="0" ind2=" " tag="545">
  <subfield code="a">
   Eloise Hubbard Linscott (1897-1978) was born Eloise Barrett Hubbard and raised in Taunton, Massachusetts with her two sisters and three brothers. She studied at Radcliffe College from 1916-1920, and earned an A.B. in English literature. After she married Charles Hardy Linscott in 1921, the Linscotts lived in Needham, Massachusetts, and spent summers in Wolfeboro, New Hampshire. New England was Linscott's home for her entire life. The Linscotts had one son, John Hubbard Linscott, born in 1929.
  </subfield>
 </datafield>
 <datafield ind1=" " ind2=" " tag="520">
  <subfield code="a">
   This collection of sound recordings, photographs, and manuscripts (including correspondence and other research materials) was compiled by Eloise Hubbard Linscott and represents her research for her book, Folksongs of Old New England (1939), and her unpublished manuscripts and folk music research through about 1955. Among Linscott's many correspondents were Phillips Barry, Ruth Benedict, Marshall Bartholomew, Samuel P. Bayard, James M. Carpenter, Harold J. Coolidge, Jr., Helen Hartness Flanders, Carrie B. Grover, Sarah Gertrude Knott, Lois Lenski, National Folk Festival, Frank G. Speck, Hendrik Willem van Loon, various correspondents at the Library of Congress including Archibald MacLeish, Alan Lomax, Benjamin A. Botkin, Harold Spivacke, and others; and various publishers, recording companies, radio stations, and administrators of summer camps. Twenty-five glass-based lacquer discs of Lincott's field recordings with field notes were accessioned by the Library of Congress Archive of American Folk Song in 1942. The recordings include folk music, folk songs, children's songs, sea songs, lumberjack songs, fiddle tunes, and dance music, including dance calls.  Other sound recordings in the collection are radio broadcasts, lectures delivered by Linscott, recordings of Linscott's family, and a few American Indian and French Canadian songs. The collection includes music transcriptions of fiddle tunes, some made by Samuel Preston Bayard, circa 1944; and Linscott's transcriptions of music and lyrics. Photographs include pictures of Linscott's informants, her documentation of events and trips, and photographs of New England landscapes. A manuscript of poetry by Arthur Treadwell Walden titled "Songs of the Yukon Trail," and a small book of poetry, "Passing Thoughts," by H. Rae Farnham are included; both were informants of Linscott. Included with Linscott's estate, received at the Library in 1983, is a manuscript music notebook, undated, but circa 1815, belonging to Samuel Reed, and to Linscott's great grandmother, Elizabeth Foster Reed, containing popular songs and dance music, marches, and music from the War of 1812. The collection also includes administrative correspondence related to the digitization of selected collection materials in 2002.
  </subfield>
 </datafield>
 <datafield ind1=" " ind2=" " tag="524">
  <subfield code="a">
   Eloise Hubbard Linscott Collection (AFC 1942/002), Archive of Folk Culture, American Folklife Center, Library of Congress, Washington, D.C.
  </subfield>
 </datafield>
 <datafield ind1=" " ind2=" " tag="530">
  <subfield code="a">
   Significant selections from this collection have been digitized and are available in the Folklife Reading Room.
  </subfield>
 </datafield>
 <datafield ind1=" " ind2=" " tag="530">
  <subfield code="a">
   Preservation masters (RWF 0501-0575).
  </subfield>
  <subfield code="b">
   Washington, D.C.
  </subfield>
  <subfield code="c">
   Library of Congress Recording Laboratory. 75 sound tape reels : analog, 7 1/2 ips ; 10 in.
  </subfield>
 </datafield>
 <datafield ind1="0" ind2=" " tag="506">
  <subfield code="a">
   Collection is open for research. To request materials, please contact the Folklife Reading Room at
  </subfield>
  <subfield code="u">
   http://hdl.loc.gov/loc.afc/folklife.contact
  </subfield>
 </datafield>
 <datafield ind1=" " ind2=" " tag="540">
  <subfield code="a">
   Duplication of the collection materials may be governed by copyright and other restrictions.
  </subfield>
 </datafield>
 <datafield ind1=" " ind2=" " tag="541">
  <subfield code="a">
   Eloise Hubbard Linscott;
  </subfield>
  <subfield code="c">
   Donation;
  </subfield>
  <subfield code="d">
   1942, 1983.
  </subfield>
 </datafield>
 <datafield ind1=" " ind2=" " tag="546">
  <subfield code="a">
   Manuscripts in English; sung in English, French, Navajo, Passamaquoddy, Wabanaki, and Wampanoag.
  </subfield>
 </datafield>
 <datafield ind1="0" ind2=" " tag="555">
  <subfield code="a">
   Finding aid is available in the Folklife Reading Room, Library of Congress and online
  </subfield>
  <subfield code="u">
   http://hdl.loc.gov/loc.afc/eadafc.af013006
  </subfield>
 </datafield>
 <datafield ind1=" " ind2=" " tag="555">
  <subfield code="a">
   A list of titles of sound recordings and manuscripts digitized from this collection is available in the Folklife Reading Room.
  </subfield>
 </datafield>
 <datafield ind1=" " ind2=" " tag="555">
  <subfield code="a">
   Bibliographic information for some of the titles in this collection (sound disc recordings only, which were accessioned in 1942), is found in the online link: Search for audio titles in the Eloise Hubbard Linscott Collection.
  </subfield>
 </datafield>
 <datafield ind1=" " ind2=" " tag="581">
  <subfield code="a">
   Selections published in: Folksongs of Old New England (New York, The Macmillan company, 1939; rev. ed., 1962, 1993)
  </subfield>
 </datafield>
 <datafield ind1="1" ind2="0" tag="600">
  <subfield code="a">
   Linscott, Eloise Hubbard,
  </subfield>
  <subfield code="d">
   1897-1978
  </subfield>
  <subfield code="x">
   Ethnomusicological collections.
  </subfield>
 </datafield>
 <datafield ind1="1" ind2="0" tag="600">
  <subfield code="a">
   Linscott, Eloise Hubbard,
  </subfield>
  <subfield code="d">
   1897-1978
  </subfield>
  <subfield code="v">
   Correspondence.
  </subfield>
 </datafield>
 <datafield ind1="1" ind2="0" tag="600">
  <subfield code="a">
   Barry, Phillips,
  </subfield>
  <subfield code="d">
   1880-1937
  </subfield>
  <subfield code="v">
   Correspondence.
  </subfield>
 </datafield>
 <datafield ind1="1" ind2="0" tag="600">
  <subfield code="a">
   Bartholomew, Marshall,
  </subfield>
  <subfield code="d">
   1885-1978
  </subfield>
  <subfield code="v">
   Correspondence.
  </subfield>
 </datafield>
 <datafield ind1="1" ind2="0" tag="600">
  <subfield code="a">
   Bayard, Samuel Preston
  </subfield>
  <subfield code="v">
   Correspondence.
  </subfield>
 </datafield>
 <datafield ind1="1" ind2="0" tag="600">
  <subfield code="a">
   Benedict, Ruth,
  </subfield>
  <subfield code="d">
   1887-1948
  </subfield>
  <subfield code="v">
   Correspondence.
  </subfield>
 </datafield>
 <datafield ind1="1" ind2="0" tag="600">
  <subfield code="a">
   Carpenter, James Madison,
  </subfield>
  <subfield code="d">
   1888-1983
  </subfield>
  <subfield code="v">
   Correspondence.
  </subfield>
 </datafield>
 <datafield ind1="1" ind2="0" tag="600">
  <subfield code="a">
   Coolidge, Harold J.
  </subfield>
  <subfield code="q">
   (Harold Jefferson),
  </subfield>
  <subfield code="d">
   1904-1985
  </subfield>
  <subfield code="v">
   Correspondence.
  </subfield>
 </datafield>
 <datafield ind1="1" ind2="0" tag="600">
  <subfield code="a">
   Flanders, Helen Hartness,
  </subfield>
  <subfield code="d">
   1890-1972
  </subfield>
  <subfield code="v">
   Correspondence.
  </subfield>
 </datafield>
 <datafield ind1="1" ind2="0" tag="600">
  <subfield code="a">
   Grover, Carrie B.,
  </subfield>
  <subfield code="d">
   1979-1959
  </subfield>
  <subfield code="v">
   Correspondence.
  </subfield>
 </datafield>
 <datafield ind1="1" ind2="0" tag="600">
  <subfield code="a">
   Knott, Sarah Gertrude,
  </subfield>
  <subfield code="d">
   1895-1984
  </subfield>
  <subfield code="v">
   Correspondence.
  </subfield>
 </datafield>
 <datafield ind1="1" ind2="0" tag="600">
  <subfield code="a">
   Lenski, Lois,
  </subfield>
  <subfield code="d">
   1893-1974
  </subfield>
  <subfield code="v">
   Correspondence.
  </subfield>
 </datafield>
 <datafield ind1="1" ind2="0" tag="600">
  <subfield code="a">
   Lomax, Alan,
  </subfield>
  <subfield code="d">
   1915-2002
  </subfield>
  <subfield code="v">
   Correspondence.
  </subfield>
 </datafield>
 <datafield ind1="1" ind2="0" tag="600">
  <subfield code="a">
   MacLeish, Archibald,
  </subfield>
  <subfield code="d">
   1892-1982
  </subfield>
  <subfield code="v">
   Correspondence.
  </subfield>
 </datafield>
 <datafield ind1="1" ind2="0" tag="600">
  <subfield code="a">
   Sherrard, William J.,
  </subfield>
  <subfield code="d">
   1877-1975
  </subfield>
  <subfield code="v">
   Correspondence.
  </subfield>
 </datafield>
 <datafield ind1="1" ind2="0" tag="600">
  <subfield code="a">
   Speck, Frank G.
  </subfield>
  <subfield code="q">
   (Frank Gouldsmith),
  </subfield>
  <subfield code="d">
   1881-1950
  </subfield>
  <subfield code="v">
   Correspondence.
  </subfield>
 </datafield>
 <datafield ind1="1" ind2="0" tag="600">
  <subfield code="a">
   Van Loon, Hendrik Willem,
  </subfield>
  <subfield code="d">
   1882-1944
  </subfield>
  <subfield code="v">
   Correspondence.
  </subfield>
 </datafield>
 <datafield ind1="2" ind2="0" tag="610">
  <subfield code="a">
   National Folk Festival Association
  </subfield>
  <subfield code="v">
   Correspondence.
  </subfield>
 </datafield>
 <datafield ind1="2" ind2="0" tag="610">
  <subfield code="a">
   Federal Writers' Project of the Works Progress Administration for the State of New Hampshire
  </subfield>
  <subfield code="v">
   Correspondence.
  </subfield>
 </datafield>
 <datafield ind1="2" ind2="0" tag="610">
  <subfield code="a">
   Macmillan &amp; Co.
  </subfield>
  <subfield code="v">
   Correspondence.
  </subfield>
 </datafield>
 <datafield ind1=" " ind2="0" tag="650">
  <subfield code="a">
   Folk music
  </subfield>
  <subfield code="z">
   New England.
  </subfield>
 </datafield>
 <datafield ind1=" " ind2="0" tag="650">
  <subfield code="a">
   Folk songs, English
  </subfield>
  <subfield code="z">
   New England.
  </subfield>
 </datafield>
 <datafield ind1=" " ind2="0" tag="650">
  <subfield code="a">
   Ballads, English
  </subfield>
  <subfield code="z">
   New England.
  </subfield>
 </datafield>
 <datafield ind1=" " ind2="0" tag="650">
  <subfield code="a">
   Fiddle tunes
  </subfield>
  <subfield code="z">
   New England.
  </subfield>
 </datafield>
 <datafield ind1=" " ind2="0" tag="650">
  <subfield code="a">
   Fiddling
  </subfield>
  <subfield code="z">
   New England.
  </subfield>
 </datafield>
 <datafield ind1=" " ind2="0" tag="650">
  <subfield code="a">
   Folk dance music
  </subfield>
  <subfield code="z">
   New England.
  </subfield>
 </datafield>
 <datafield ind1=" " ind2="0" tag="650">
  <subfield code="a">
   Square dancing
  </subfield>
  <subfield code="z">
   New England.
  </subfield>
 </datafield>
 <datafield ind1=" " ind2="0" tag="650">
  <subfield code="a">
   Folk festivals
  </subfield>
  <subfield code="z">
   New England.
  </subfield>
 </datafield>
 <datafield ind1=" " ind2="0" tag="650">
  <subfield code="a">
   Sea songs
  </subfield>
  <subfield code="z">
   New England.
  </subfield>
 </datafield>
 <datafield ind1=" " ind2="0" tag="650">
  <subfield code="a">
   Hymns, English
  </subfield>
  <subfield code="z">
   New England.
  </subfield>
 </datafield>
 <datafield ind1=" " ind2="0" tag="650">
  <subfield code="a">
   Popular music
  </subfield>
  <subfield code="z">
   United States
  </subfield>
  <subfield code="y">
   1931-1940.
  </subfield>
 </datafield>
 <datafield ind1=" " ind2="0" tag="650">
  <subfield code="a">
   Popular music
  </subfield>
  <subfield code="z">
   United States
  </subfield>
  <subfield code="y">
   1941-1950.
  </subfield>
 </datafield>
 <datafield ind1=" " ind2="0" tag="650">
  <subfield code="a">
   Children's songs, English
  </subfield>
  <subfield code="z">
   New England.
  </subfield>
 </datafield>
 <datafield ind1=" " ind2="0" tag="650">
  <subfield code="a">
   Lullabies
  </subfield>
  <subfield code="z">
   New England.
  </subfield>
 </datafield>
 <datafield ind1=" " ind2="0" tag="650">
  <subfield code="a">
   Singing games
  </subfield>
  <subfield code="z">
   New England.
  </subfield>
 </datafield>
 <datafield ind1=" " ind2="0" tag="650">
  <subfield code="a">
   Games
  </subfield>
  <subfield code="z">
   New England.
  </subfield>
 </datafield>
 <datafield ind1=" " ind2="0" tag="650">
  <subfield code="a">
   Yodels
  </subfield>
  <subfield code="z">
   New England.
  </subfield>
 </datafield>
 <datafield ind1=" " ind2="0" tag="650">
  <subfield code="a">
   Folk songs, French
  </subfield>
  <subfield code="z">
   New England.
  </subfield>
 </datafield>
 <datafield ind1=" " ind2="0" tag="650">
  <subfield code="a">
   Loggers
  </subfield>
  <subfield code="z">
   New England
  </subfield>
  <subfield code="v">
   Songs and music.
  </subfield>
 </datafield>
 <datafield ind1=" " ind2="0" tag="650">
  <subfield code="a">
   Shakers
  </subfield>
  <subfield code="v">
   Hymns.
  </subfield>
 </datafield>
 <datafield ind1=" " ind2="0" tag="650">
  <subfield code="a">
   French-Canadians
  </subfield>
  <subfield code="z">
   New England
  </subfield>
  <subfield code="v">
   Music.
  </subfield>
 </datafield>
 <datafield ind1=" " ind2="0" tag="650">
  <subfield code="a">
   Irish Americans
  </subfield>
  <subfield code="z">
   New England
  </subfield>
  <subfield code="v">
   Music.
  </subfield>
 </datafield>
 <datafield ind1=" " ind2="0" tag="650">
  <subfield code="a">
   Passamaquoddy Indians
  </subfield>
  <subfield code="v">
   Music.
  </subfield>
 </datafield>
 <datafield ind1=" " ind2="0" tag="650">
  <subfield code="a">
   Navajo Indians
  </subfield>
  <subfield code="v">
   Music.
  </subfield>
 </datafield>
 <datafield ind1=" " ind2="0" tag="650">
  <subfield code="a">
   Wampanoag Indians
  </subfield>
  <subfield code="v">
   Music.
  </subfield>
 </datafield>
 <datafield ind1=" " ind2="0" tag="650">
  <subfield code="a">
   Indians of North America
  </subfield>
  <subfield code="z">
   New England
  </subfield>
  <subfield code="v">
   Music.
  </subfield>
 </datafield>
 <datafield ind1=" " ind2="0" tag="650">
  <subfield code="a">
   Cochiti Indians
  </subfield>
  <subfield code="v">
   Music.
  </subfield>
 </datafield>
 <datafield ind1=" " ind2="0" tag="650">
  <subfield code="a">
   American poetry
  </subfield>
  <subfield code="y">
   20th century.
  </subfield>
 </datafield>
 <datafield ind1=" " ind2="0" tag="650">
  <subfield code="a">
   Popular music
  </subfield>
  <subfield code="z">
   New England
  </subfield>
  <subfield code="y">
   19th century
  </subfield>
  <subfield code="v">
   Manuscripts.
  </subfield>
 </datafield>
 <datafield ind1=" " ind2="0" tag="651">
  <subfield code="a">
   United States
  </subfield>
  <subfield code="x">
   History
  </subfield>
  <subfield code="x">
   War of 1812
  </subfield>
  <subfield code="v">
   Songs and music.
  </subfield>
 </datafield>
 <datafield ind1=" " ind2="0" tag="650">
  <subfield code="a">
   Field recordings
  </subfield>
  <subfield code="z">
   New England.
  </subfield>
 </datafield>
 <datafield ind1=" " ind2="0" tag="650">
  <subfield code="a">
   Field recordings
  </subfield>
  <subfield code="z">
   Massachusetts.
  </subfield>
 </datafield>
 <datafield ind1=" " ind2="0" tag="650">
  <subfield code="a">
   Field recordings
  </subfield>
  <subfield code="z">
   New Hampshire.
  </subfield>
 </datafield>
 <datafield ind1=" " ind2="0" tag="655">
  <subfield code="a">
   Field notes.
  </subfield>
  <subfield code="2">
   aat
  </subfield>
 </datafield>
 <datafield ind1=" " ind2="7" tag="655">
  <subfield code="a">
   Sound recordings.
  </subfield>
  <subfield code="2">
   aat
  </subfield>
 </datafield>
 <datafield ind1=" " ind2="7" tag="655">
  <subfield code="a">
   Photographs.
  </subfield>
  <subfield code="2">
   aat
  </subfield>
 </datafield>
 <datafield ind1=" " ind2="7" tag="655">
  <subfield code="a">
   Correspondence.
  </subfield>
  <subfield code="2">
   aat
  </subfield>
 </datafield>
 <datafield ind1=" " ind2="7" tag="655">
  <subfield code="a">
   Drawings.
  </subfield>
  <subfield code="2">
   aat
  </subfield>
 </datafield>
 <datafield ind1=" " ind2="7" tag="655">
  <subfield code="a">
   Lectures.
  </subfield>
  <subfield code="2">
   aat
  </subfield>
 </datafield>
 <datafield ind1=" " ind2="7" tag="655">
  <subfield code="a">
   Lecture notes.
  </subfield>
  <subfield code="2">
   aat
  </subfield>
 </datafield>
 <datafield ind1=" " ind2="7" tag="655">
  <subfield code="a">
   Field recordings.
  </subfield>
  <subfield code="2">
   lcgft
  </subfield>
 </datafield>
 <datafield ind1=" " ind2="7" tag="655">
  <subfield code="a">
   Radio programs.
  </subfield>
  <subfield code="2">
   lcgft
  </subfield>
 </datafield>
 <datafield ind1="1" ind2=" " tag="700">
  <subfield code="a">
   Linscott, Eloise Hubbard,
  </subfield>
  <subfield code="d">
   1897-1978,
  </subfield>
  <subfield code="e">
   collector.
  </subfield>
 </datafield>
 <datafield ind1="1" ind2=" " tag="700">
  <subfield code="a">
   Bayard, Samuel Preston.
  </subfield>
 </datafield>
 <datafield ind1="1" ind2=" " tag="700">
  <subfield code="a">
   Grover, Carrie B.,
  </subfield>
  <subfield code="d">
   1879-1959,
  </subfield>
  <subfield code="e">
   performer,
  </subfield>
  <subfield code="e">
   correspondent.
  </subfield>
 </datafield>
 <datafield ind1="1" ind2=" " tag="700">
  <subfield code="a">
   Sherrard, William J.,
  </subfield>
  <subfield code="d">
   1877-1975
  </subfield>
  <subfield code="e">
   performer,
  </subfield>
  <subfield code="e">
   correspondent.
  </subfield>
 </datafield>
 <datafield ind1="1" ind2=" " tag="700">
  <subfield code="a">
   Reed, Elizabeth Foster.
  </subfield>
 </datafield>
 <datafield ind1="1" ind2="2" tag="700">
  <subfield code="a">
   Walden, Arthur Treadwell,
  </subfield>
  <subfield code="d">
   1871-1947.
  </subfield>
  <subfield code="t">
   Songs of the Yukon trail.
  </subfield>
 </datafield>
 <datafield ind1="1" ind2="2" tag="700">
  <subfield code="a">
   Farnham, H. Rae.
  </subfield>
  <subfield code="t">
   Passing thoughts.
  </subfield>
 </datafield>
 <datafield ind1="2" ind2=" " tag="710">
  <subfield code="a">
   Archive of American Folk Song,
  </subfield>
  <subfield code="e">
   sponsor.
  </subfield>
 </datafield>
 <datafield ind1=" " ind2=" " tag="852">
  <subfield code="a">
   Library of Congress
  </subfield>
  <subfield code="b">
   Archive of Folk Culture, American Folklife Center,
  </subfield>
  <subfield code="e">
   101 Independence Ave. S. E., Washington, DC USA 20540-4610
  </subfield>
  <subfield code="u">
   http://hdl.loc.gov/loc.afc/folklife.home
  </subfield>
 </datafield>
 <datafield ind1="4" ind2="2" tag="856">
  <subfield code="3">
   Finding aid
  </subfield>
  <subfield code="u">
   http://hdl.loc.gov/loc.afc/eadafc.af013006
  </subfield>
 </datafield>
 <datafield ind1=" " ind2=" " tag="985">
  <subfield code="a">
   afc/ead
  </subfield>
 </datafield>
 <datafield ind1=" " ind2=" " tag="985">
  <subfield code="a">
   afc/coll
  </subfield>
 </datafield>
</record>
